%% Formato elabora pelo professor Dr. Luis GUstavo Nonato
%% Qdo forem incluir as referencias no bibtex, notem que precisa adicionar o campo keywords = {tipo}, onde "tipo" deve ser um das opções abaixo (isto faz com que a referência apareça na seção correta):
% art -> artigo publicado em periódico
% artn -> artigo publicado em periódico nacional
% arti -> artigo publicado em periódico internacional
% proc -> artigo publicado em congresso (proceedings)
% procn -> artigo publicado  em congresso nacional
% proci -> artigos publicado  em congresso internacional
% sub -> artigo submetido (não publicado)
% livro -> publicação de livros
% cap -> publicação de capítulos de livros
% outras -> outros tipos de produção bibliográfica (relatorios, white papers, posters, etc.)

% Referencias organizadas em seções separadas por comentários, segundo os tipos definidos pelo coordenador

%%%%%%%%%% 1) artn -> periódico nacional 
@article{almeida2021visao,
  title={Visão Computacional Aplicada à Agricultura de Precisão},
  author={Almeida, Rodrigo and Barros, Luana},
  journal={Revista Brasileira de Inteligência Artificial},
  volume={9},
  number={2},
  pages={45--60},
  year={2021},
  publisher={Sociedade Brasileira de Computação},
  keywords={art, artn}
}

@article{souza2022mining,
  title={Mineração de Dados Educacionais com Técnicas de Aprendizado de Máquina},
  author={Souza, Fernanda and Ribeiro, Caio},
  journal={Revista de Sistemas e Computação},
  volume={32},
  number={1},
  pages={77--95},
  year={2022},
  publisher={Editora UFBA},
  keywords={art, artn}
}

%%%%%%%%%% 2) arti -> periódico internacional 
@article{gomes2019robotics,
  title={Human-Robot Interaction in Industrial Environments Using Machine Learning},
  author={Gomes, Tiago and Almeida, Sofia},
  journal={Robotics and Autonomous Systems},
  volume={120},
  pages={103--115},
  year={2019},
  publisher={Elsevier},
  keywords={art, arti}
}

@article{pires2023generative,
  title={Generative Adversarial Networks for Synthetic Data in Finance},
  author={Pires, Eduardo and Nascimento, Clara},
  journal={Expert Systems with Applications},
  volume={215},
  pages={119--134},
  year={2023},
  publisher={Elsevier},
  keywords={art, arti}
}
%%%%%%%%%% 3) procn -> proceedings nacional
@inproceedings{costa2023iaeducacao,
  title={Uso de Inteligência Artificial para Personalização do Ensino em Ambientes Virtuais de Aprendizagem},
  author={Costa, Mariana and Freitas, João},
  booktitle={Anais do Congresso da Sociedade Brasileira de Computação},
  pages={213--224},
  year={2023},
  organization={SBC},
  address={Porto Alegre, Brasil},
  keywords={proc, procn}
}

%%%%%%%%%% 4) proci -> proceedings internacional
@inproceedings{fernandes2023nlp,
  title={Transformers for Low-Resource Languages: A Case Study in Portuguese},
  author={Fernandes, Rafael and Lima, Beatriz},
  booktitle={Proceedings of the Conference on Empirical Methods in Natural Language Processing},
  pages={5012--5024},
  year={2023},
  organization={ACL},
  keywords={proc, proci}
}

@inproceedings{mendes2021xai,
  title={Explainable AI for Healthcare: Challenges and Opportunities},
  author={Mendes, Lucas and Rocha, Daniela},
  booktitle={Proceedings of the AAAI Conference on Artificial Intelligence},
  volume={35},
  number={8},
  pages={6892--6900},
  year={2021},
  organization={AAAI},
  keywords={proc, proci}
}

@inproceedings{santos2020edge,
  title={Edge AI: Deploying Deep Neural Networks on IoT Devices},
  author={Santos, Bruno and Carvalho, André},
  booktitle={Proceedings of the IEEE International Conference on Edge Computing},
  pages={88--96},
  year={2020},
  organization={IEEE},
  keywords={proc, proci}
}

%%%%%%%%%% 5) sub -> artigo submetido

%%%%%%%%%% 6) livro -> livros
@book{oliveira2020ia,
  title={Inteligência Artificial: Fundamentos e Aplicações},
  author={Oliveira, Carlos and Souza, Helena},
  year={2020},
  publisher={Editora Ciência Moderna},
  keywords={livro}
}
%%%%%%%%%% 7) cap -> capítulos de livros
@incollection{araujo2022ethics,
  title={Ethics of Artificial Intelligence in Autonomous Vehicles},
  author={Araujo, Felipe and Martins, Carolina},
  booktitle={Handbook of Responsible AI},
  pages={145--167},
  year={2022},
  publisher={Springer},
  keywords={cap}
}

%%%%%%%%%% 8) outras -> outros tipos de produção bibliográfica


