%% Formato elabora pelo professor Dr. Luis GUstavo Nonato
%% Qdo forem incluir as referencias no bibtex, notem que precisa adicionar o campo keywords = {tipo}, onde "tipo" deve ser um das opções abaixo (isto faz com que a referência apareça na seção correta):
% ref -> referência bibliográfica (aparece na seção "Referências" )

@misc{fapesp,
  author       = {{Fundação de Amparo à Pesquisa do Estado de São Paulo (FAPESP)}},
  title        = {FAPESP},
  howpublished = {\url{https://www.fapesp.br/}},
  year         = {2025},
  note         = {acessado em 12 de setembro de 2025},
  keywords={ref}
}

@misc{cemeai,
  author       = {{CeMEAI — Center for Mathematical Sciences Applied to Industry}},
  title        = {CeMEAI (ICMC-USP)},
  howpublished = {\url{https://cemeai.icmc.usp.br/}},
  year         = {2025},
  note         = {acessado em 12 de setembro de 2025},
  keywords={ref}
}

